@article{aipina2022,
	author  = {Aipina, Desma and Witriyono, Harry},
	title   = {{Pemanfaatan Framework Laravel Dan Framework Boostrap Pada Pembangunan Aplikasi Penjualan Hijab Berbasis Web}},
	journal = {Jurnal Media Infotama},
	volume  = {18},
	number  = {1},
	year    = {2022},
	langid  = {indonesian}
}

@article{akbar2024,
	author  = {Akbar, Rakasiwi and Azis, Mochammad Abdul},
	title   = {{Implementasi Model View Controller Untuk Proses Pencatatan Dan Monitoring Pelanggaran Siswa Pada SMK Satria}},
	journal = {Jurnal Komputer Antartika},
	volume  = {2},
	number  = {1},
	pages   = {1--8},
	year    = {2024},
	doi     = {10.70052/jka.v2i1.54},
	langid  = {indonesian}
}

@article{alhusain2016,
	author  = {Al-Husain, Felita Ariyanti and Sinudarwati},
	title   = {{Perancangan Database Relational Pada Toko Buku Online}},
	journal = {CERITA},
	volume  = {2},
	number  = {2},
	pages   = {133--41},
	year    = {2016},
	langid  = {indonesian}
}

@book{almuslih2014,
	author    = {Al-Muṣlih, Abdullāh bin ‘Abd al-‘Azīz},
	title     = {{Al-I‘jāz Al-‘Ilmī Fī Al-Qur’Ān Wa Al-Sunnah}},
	publisher = {al-Hay’ah al-Ālamiyyah lī al-I‘jāz al-‘Ilmī fī al-Qur’ān wa al-Sunnah - Rābiṭatu al-Ālam al-Islāmī},
	address   = {Mekah},
	year      = {2014},
	langid    = {arabic}
}

@book{alnajjar2007,
	author    = {Al-Najjār, Zaghlūl},
	title     = {{Tafsīr Al-Āyāt Al-Kawniyyah Fī Al-Qur’ān Al-Karīm}},
	publisher = {Maktabatu al-Syurūq al-Dauliyyah},
	year      = {2007},
	langid    = {arabic}
}

@article{alip2022,
	author  = {Alip, Alip and Kosasi, Sandy and Yuliani, I Dewa Ayu Eka and Syarifudin, Gusti and David, David},
	title   = {{Implementasi Arsitektur Model View Controller Pada Website Toko Online}},
	journal = {Jurnal Bumigora Information Technology (BITe)},
	volume  = {3},
	number  = {2},
	pages   = {135--50},
	year    = {2022},
	doi     = {10.30812/bite.v3i2.1566},
	langid  = {indonesian}
}

@article{arthalita2020,
	author  = {Arthalita, Ika and Prasetyo, Rendi},
	title   = {{Penggunaan Website Sebagai Sarana Evaluasi Kegiatan Akademik Siswa Di Sma Negeri 1 Punggur Lampung Tengah}},
	journal = {JIKI (Jurnal Ilmu Komputer \& Informatika)},
	volume  = {1},
	number  = {2},
	pages   = {93--108},
	year    = {2020},
	doi     = {10.24127/jiki.v1i2.678},
	langid  = {indonesian}
}

@article{asnawi2021,
	author  = {Asnawi, Aqdi Rofiq and Affani, Syukron and Hakamah, Zaenatul},
	title   = {{Scientific Qur’Ānic Exegesis in Indonesia: Contributions By Scholars, Institutions, and the Government}},
	journal = {Australian Journal of Islamic Studies},
	volume  = {6},
	number  = {4},
	pages   = {25--46},
	year    = {2021},
	doi     = {10.55831/ajis.v6i4.401},
	langid  = {english}
}

@article{azizah2024,
	author  = {Azizah, Siti Nur Lailatul and Saidah, Saidah and Ismi, Fitrotul and Alif Raihan, M. and Maghfuri, Nabil and Abdillah, Asyhad},
	title   = {{Eksplorasi Tafsir Digital : Studi Komparatif Atas Tafsir . Web . Id Dan Pendahuluan Berdasarkan Survei Asosiasi Penyelenggara Jasa Internet Indonesia ( APJII ) Pada}},
	volume  = {1},
	number  = {2},
	pages   = {207--20},
	year    = {2024},
	doi     = {10.30762/cr.v1i2.2008},
	langid  = {indonesian}
}

@article{bakir2016,
	author   = {Bakir, Moh.},
	title    = {Paradigma Kontektualisasi Tafsir Berbasis Sains (I'jaz Al-Qur'an Dalam Paradigma Epistemologi Modern)},
	journal  = {At-Ta'Lim},
	volume   = {1},
	number   = {1},
	pages    = {11--48},
	year     = {2016},
	url      = {https://ejournal.unwmataram.ac.id/index.php/taklim/article/view/413},
	langid   = {indonesian}
}

@inproceedings{fadhilah2021,
	author    = {Fadhilah, Umi and Nugroho, Kharis and Azizah, Alfiyatul},
	title     = {{Development of Al-Qur ’ an Interpretation Research in the Digital Era : Bibliometric Approach with R for Statistical Computing}},
	year      = {2021},
	pages     = {1498--1509},
	langid    = {english}
}

@article{fauzi2023,
	author  = {Fauzi, Fikri Ahmad and Darmawan, Fajar},
	title   = {{Pembangunan Aplikasi E-Commerce Berbasis Website Menggunakan Laravel}},
	journal = {Jurnal Pasundan Informatika},
	volume  = {2},
	number  = {1},
	pages   = {1--7},
	year    = {2023},
	doi     = {10.23969/pasinformatik.v2i1.7172},
	langid  = {indonesian}
}

@article{firdaus2023,
	author  = {Firdaus, Muhamad Yoga},
	title   = {{Digitalisasi Khazanah Ilmu Al-Qur’an Dan Tafsir Di Era Digital: Studi Analisis Pada Website Tanwir.Id}},
	journal = {Reslaj: Religion Education Social Laa Roiba Journal},
	volume  = {5},
	number  = {6},
	pages   = {2710--16},
	year    = {2023},
	doi     = {10.47476/as.v5i6.2552},
	langid  = {indonesian}
}

@article{goodwin1987,
	author  = {Goodwin, Nancy C.},
	title   = {{Functionality and Usability}},
	journal = {Communications of the ACM},
	volume  = {30},
	number  = {3},
	pages   = {229--33},
	year    = {1987},
	doi     = {10.1145/214748.214758},
	langid  = {english}
}

@inproceedings{hidayat2012,
	author    = {Hidayat, Arief and Surarso, Bayu},
	title     = {{Penerapan Arsitektur Model View Controller (Mvc) Dalam Rancang Bangun Sistem Kuis Online Adaptif}},
	booktitle = {{Seminar Nasional Teknologi Informasi Dan Komunikasi}},
	year      = {2012},
	pages     = {57--64},
	langid    = {indonesian}
}

@article{ismail2021,
	author  = {Ismail, Ahmad Thaqif and Asnawi, Aqdi Rofiq},
	title   = {{Scientific Approach in Quranic Exegesis: The Emergence and Issues}},
	journal = {Journal of Contemporary Islamic Studies},
	volume  = {7},
	number  = {1},
	pages   = {59--83},
	year    = {2021},
	langid  = {english}
}

@online{jetbrains2023,
	author   = {JetBrains},
	title    = {{JetBrains Developer Ecosystem Survey 2023: PHP}},
	year     = {2023},
	url      = {https://www.jetbrains.com/lp/devecosystem-2023/php/},
	urldate  = {2025-06-27},
	langid   = {english}
}

@article{kristoko2009,
	author  = {Kristoko, Dwi Hartomo and Wellem, Theophilus and Sanjaya David, Adi},
	title   = {{Implementasi Model View Controller Dan Object Relational Mapping Pada Content Management System Sistem Informasi Keuangan}},
	journal = {Jurnal Teknologi Informasi-Aiti},
	volume  = {6},
	number  = {1},
	pages   = {1--100},
	year    = {2009},
	langid  = {indonesian}
}

@article{laila2014,
	author  = {Laila, Izzatul},
	title   = {{Penafsiran Al-Qur’an Berbasis Ilmu Pengetahuan}},
	journal = {Epistemé: Jurnal Pengembangan Ilmu Keislaman},
	volume  = {9},
	number  = {1},
	year    = {2014},
	doi     = {10.21274/epis.2014.9.1.45-66},
	langid  = {indonesian}
}

@article{liputo2024,
	author  = {Liputo, Mohamad Rian and Sakka, Abdullah and Arif, Muh},
	title   = {{Metodologi Dalam Studi Islam: Tantangan Dan Peluang}},
	journal = {Jurnal At-Tarbiyah : Jurnal Pendidikan Islam},
	volume  = {9439},
	pages   = {161--78},
	year    = {2024},
	langid  = {indonesian}
}

@article{majeed2018,
	author  = {Majeed, Abdul and Rauf, Ibtisam},
	title   = {{MVC Architecture: A Detailed Insight to the Modern Web Applications Development}},
	journal = {Peer Review Journal of Solar \& Photoenergy Systems},
	volume  = {1},
	number  = {1},
	pages   = {1--7},
	year    = {2018},
	langid  = {english}
}

@article{maulana2021,
	author  = {Maulana, Helmi},
	title   = {{Onlinization Tafsir: Studi Alquran Di Era Disrupsi}},
	journal = {Tajdid},
	volume  = {28},
	number  = {1},
	pages   = {73},
	year    = {2021},
	doi     = {10.36667/tajdid.v28i1.687},
	langid  = {indonesian}
}

@article{mawarti2022,
	author  = {Mawarti, Tesa Fitria},
	title   = {{Tafsir Saintifik}},
	journal = {Jurnal Tafsere},
	volume  = {10},
	number  = {1},
	pages   = {10--29},
	year    = {2022},
	doi     = {10.24252/jt.v10i1.35547},
	langid  = {indonesian}
}

@article{muhammad2024,
	author  = {Muhammad},
	title   = {{Konsep Listrik Dengan Energi Baru Terbarukan Dalam Al-Qur’an: Tafsir Sains Tematik Terhadap Kata Barqun}},
	journal = {Jurnal Cahaya Mandalika},
	volume  = {5},
	number  = {2},
	year    = {2024},
	doi     = {10.36312/jcm.v5i2.3943},
	langid  = {indonesian}
}

@article{muhammadilham2025,
	author  = {Muhammad, Ilham and M, Amril and Dewi, Eva and Qadri, Wil},
	title   = {{Integrasi Agama Dan Sains Dalam Perspektif M. Amin Abdullah}},
	journal = {Jurnal Review Pendidikan Dan Pengajaran},
	volume  = {8},
	number  = {4},
	pages   = {1},
	year    = {2025},
	url     = {http://journal.universitaspahlawan.ac.id/index.php/jrpp},
	langid  = {indonesian}
}

@article{mukhlis2024,
	author  = {Mukhlis, Iqbal Ramadhani and Natasya, Alya Rizky},
	title   = {{Sistem Informasi Pemesanan Tiket Wisata Kota Surabaya Berbasis Web Menggunakan Metode Model View Controller}},
	journal = {Informatech : Jurnal Ilmiah Informatika Dan Komputer},
	volume  = {1},
	number  = {1},
	pages   = {1--9},
	year    = {2024},
	doi     = {10.69533/bfb9x126},
	langid  = {indonesian}
}

@article{muslih2010,
	author  = {Muslih, Mohammad},
	title   = {{Pengaruh Budaya Dan AgamaTerhadap Sains Sebuah Survey Kritis}},
	journal = {Tsaqafah},
	volume  = {6},
	number  = {2},
	pages   = {225},
	year    = {2010},
	doi     = {10.21111/tsaqafah.v6i2.119},
	langid  = {indonesian}
}

@inproceedings{nasir2022,
	author    = {Nasir, Abdul Hafidz and Hanif, Ma’mun},
	title     = {{Integration of Science and Religious Sciences Its Implications for Islamic Religious Education}},
	booktitle = {{International Conference on Islamic Studies}},
	pages     = {118--27},
	year      = {2022},
	url       = {https://proceeding.uingusdur.ac.id/index.php/icis/article/view/880},
	langid    = {english}
}

@article{nugroho2021,
	author  = {Nugroho, Herdhani Eko and Nugroho, Agung},
	title   = {{Analisis Dan Perancangan E-Commerce Pada Toko Sepatu Dope13Store Menggunakan Framework Laravel}},
	journal = {Information System Journal},
	volume  = {4},
	number  = {1},
	pages   = {38--44},
	year    = {2021},
	doi     = {10.24076/infosjournal.2021v4i1.565},
	langid  = {indonesian}
}

@article{prawito2020,
	author  = {Prawito, Ponsen Sindu and Rahadi},
	title   = {{Perancangan Sistem Informasi Toko Online Berbasis Web Dengan Menggunakan Laravel Dan Api Rajaongkir}},
	journal = {Syntax Literate: Jurnal Ilmiah Indonesia},
	volume  = {5},
	number  = {12},
	pages   = {1--12},
	year    = {2020},
	url     = {https://jurnal.syntaxliterate.co.id/index.php/syntax-literate/article/view/1849},
	langid  = {indonesian}
}

@article{ramadhan2024,
	author  = {Ramadhan, Rizky and Farida, Nurul and Rahmawati, Dwi},
	title   = {{Pengembangan LKPD Matematika Berbasis Discovery Learning Berbantu Qr Code Pada Materi Peluang}},
	journal = {Jurnal Pendidikan Matematika},
	volume  = {5},
	number  = {1},
	pages   = {48--58},
	year    = {2024},
	langid  = {indonesian}
}

@article{rasiban2024,
	author  = {Rasiban, Ade Septiansyah and Hasanah, Septi and Permatasari, Veren Nita and Yuliawati, Agistia},
	title   = {{Sistem Informasi Otomatisasi Pelaporan Data Penjualan Toko Buku Nazwa Yang Masuk Dan Yang Keluar}},
	journal = {Informatika},
	volume  = {8},
	number  = {1},
	pages   = {283--84},
	year    = {2024},
	doi     = {10.37817/ikraith-informatika.v8i1},
	langid  = {indonesian}
}

@article{salsabila2024,
	author  = {Salsabila, Nadia and Yanti, Indah Norma},
	title   = {{Analisis Waktu Dalam Perspektif Al-Qur’an Dan Sains Nadia}},
	volume  = {12},
	pages   = {127--40},
	year    = {2024},
	langid  = {indonesian}
}

@book{saputro2020,
	author    = {Saputro, Budiyono and Zuhri, Muh and Mansur},
	title     = {{Bahan Ajar Tafsir BERSAQURAL (Berbasis Sains, Al-Qur’an Dan Alam)}},
	publisher = {Academia Publication},
	address   = {Lamongan},
	year      = {2020},
	langid    = {indonesian}
}

@article{sihabussalam2024,
	author  = {Sihabussalam, Sa’adatul Lailah and Wijaya, Roma},
	title   = {{Digital Era Qur’anic Interpretation In Indonesia : Influence and Development on Contemporary Tafsir}},
	journal = {Suhuf : Jurnal Pengkajian Al-Qur’an Dan Budaya},
	volume  = {17},
	number  = {1},
	year    = {2024},
	doi     = {10.22548/shf.v17i1.998},
	langid  = {english}
}

@book{sommerville2016,
	author    = {Sommerville, Ian},
	title     = {{Software Engineering}},
	publisher = {Pearson Education Limited},
	edition   = {10th},
	year      = {2016},
	langid    = {english}
}

@article{suharsana2016,
	author  = {Suharsana, I. K. and Wirawan, .IGP. W. W. and SYuniastari. N. L. A. K.},
	title   = {{Implementasi Model View Controller Dengan Framework Codeigniter Pada E-Commerce Penjualan Kerajinan Bali}},
	journal = {Jurnal Sistem Dan Informatika},
	volume  = {11},
	number  = {1},
	pages   = {19--28},
	year    = {2016},
	langid  = {indonesian}
}

@article{supriadi2018,
	author  = {Supriadi, Akhmad},
	title   = {{Integrating Qur’an and Science: Epistemology of Tafsir Ilmi in Indonesia}},
	journal = {Refleksi},
	volume  = {16},
	number  = {2},
	pages   = {149--86},
	year    = {2018},
	doi     = {10.15408/ref.v16i2.10191},
	langid  = {english}
}

@article{susilawati2020,
	author  = {Susilawati, Tuti and Yuliansyah, Fanny and Romzi, Muhammad and Aryani, Rintan},
	title   = {{Membangun Website Toko Online Pempek Nthree Menggunakan Php Dan Mysql}},
	journal = {Jurnal Teknik Informatika Mahakarya (JTIM)},
	volume  = {3},
	number  = {1},
	pages   = {35--44},
	year    = {2020},
	langid  = {indonesian}
}

@article{taufan2022,
	author  = {Taufan, Muhammad Aji and Rusdianto, Denny Sagita and Ananta, Mahardeka Tri},
	title   = {{Pengembangan Sistem Otomatisasi Use Case Diagram Berdasarkan Skenario Sistem Menggunakan Metode POS Tagger Stanford NLP}},
	journal = {Jurnal Pengembangan Teknologi Informasi Dan Ilmu Komputer},
	volume  = {6},
	number  = {8},
	pages   = {3733--40},
	year    = {2022},
	url     = {http://j-ptiik.ub.ac.id},
	langid  = {indonesian}
}

@online{timpenyusun2025,
	author   = {{Tim Penyusun}},
	title    = {{Koleksi Tafsir Ilmu}},
	year     = {2025},
	url      = {https://pustakalajnah.kemenag.go.id/koleksi?kategori=tafsir-ilmu},
	urldate  = {2025-02-20},
	langid   = {indonesian}
}

@article{tursinawati2024,
	author  = {Tursinawati, Tursinawati and Fitriani, Suci and Safiah, Intan and Widodo, Ari and Sopandi, Wahyu and Amiruddin, M. Hasbi},
	title   = {{The Integration of the Nature of Science and Religion to Increase Students’ Religious Beliefs in Acquiring Scientific Knowledge at the Elementary School}},
	journal = {Jurnal Prima Edukasia},
	volume  = {12},
	number  = {1},
	pages   = {140--55},
	year    = {2024},
	doi     = {10.21831/jpe.v12i1.67649},
	langid  = {english}
}

@article{muqoyyidin2014,
	author  = {Muqoyyidin, Andik Wahyun},
	title   = {{Integritasi Dan Interkoneksitas Ilmu-Ilmu Agama Dan Sains Menuju Pendidikan Tinggi Islam Center of Excellences}},
	journal = {Edusentris},
	volume  = {1},
	number  = {2},
	pages   = {171},
	year    = {2014},
	doi     = {10.17509/edusentris.v1i2.143},
	langid  = {indonesian}
}

@article{wijaya2019,
	author  = {Wijaya, Khana and Christian, Andi},
	title   = {{Implementasi Metode Model View Controller (MVC) Dalam Rancang Bangun Website SMK Yayasan Bakti Prabumulih}},
	journal = {Paradigma - Jurnal Komputer Dan Informatika},
	volume  = {21},
	number  = {1},
	pages   = {95--102},
	year    = {2019},
	doi     = {10.31294/p.v21i1.5092},
	langid  = {indonesian}
}